@article{moemke11,
    author          = {{Tobias Mömke}},
    title           = {{Structural properties of hard metric TSP inputs}},
    journal         = {{Prod. of the 37th International Conference on Current Trends in Theory and Practice of Computer Science (SOFSEM 2011)}},
    publisher       = {{Springer Berlin / Heidelberg}},
    pages           = {{394-405}},
    year            = {{2011}},
    month           = {{August}}
}

@article{kalmogorov09,
    author          = {{Kolmogorov, Vladimir}},
    title           = {{Blossom V: a new implementation of a minimum cost perfect matching algorithm}},
    journal         = {{Mathematical Programming Computation (MPC)}},
    publisher       = {{Springer Berlin / Heidelberg}},
    pages           = {{43-67}},
    volume          = {{1}},
    year            = {{2009}},
    month           = {{Juli}}
}

@article{libura91,
    author          = {{Marek Libura}},
    title           = {{Sensitivity analysis for minimum Hamiltonian path and traveling salesman problems}},
    journal         = {{Discrete Applied Mathematics}},
    volume          = {{30}},
    number          = {{2-3}},
    year            = {{1991}},
    pages           = {{197-211}}
}

@article{mueller83,
    author          = {{Heiner Müller-Merbach}},
    title           = {{Zweimal travelling salesman}},
    journal         = {{DGOR-Bulletin}},
    pages           = {12-13},
    volume          = {{25}},
    year            = {{1983}}
}

@book{applegate06,
    author          = {{David L. Applegate, Robert E. Bixby, Vašek Chvátal, William J. Cook}},
    title           = {{The Traveling Salesman Problem}}
    publisher       = {{Princeton University Press}}
    ISBN            = {{978-0691129938}}
    year            = {{2006}}
}

@book{cormen07,
    author          = {{Thomas H. Cormen, Charles E. Leiserson, Ronald Rivest, Clifford Stein}},
    title           = {{Algorithmen - Eine Einführung}}
    publisher       = {{Oldenbourg Wissenschaftsverlag}}
    ISBN            = {{978-3486582628}}
    year            = {{2007}}
}

@book{harris08,
    author          = {{John Michael Harris, Jeffry L. Hirst, Michael J. Mossinghoff}},
    title           = {{Combinatorics and Graph Theory}}
    publisher       = {{Springer}}
    ISBN            = {{978-1441927231}}
    year            = {{2008}}
}

@misc{reinelt95,
    author          = {{Gerhard Reinelt}},
    title           = {{TSPLIB95}},
    howpublished    = {\url{http://comopt.ifi.uni-heidelberg.de/software/TSPLIB95/DOC.PS}},
}

@misc{website_gatech_problem,
    author          = {{Georgia Tech}},
    title           = {{History of the TSP}},
    month           = {{Januar}},
    year            = {{2007}},
    howpublished    = {\url{http://www.tsp.gatech.edu/history/index.html}},
    note            = {{[besucht am 14.11.2011]}}
}

