@article{moemke11,
    author = {{Tobias MÃ¶mke}},
    title = {{Structural properties of hard metric TSP inputs}},
    journal = {{Prod. of the 37th International Conference on Current Trends in Theory and Practice of Computer Science (SOFSEM 2011)}}
    year = {{2011}},
    month = {{August}},
    pages = {{394-405}},
    publisher = {{Springer Berlin Heidelberg}}
}
